@article{AcevedoTrejos2015,
author = {Acevedo-Trejos, Esteban and Brandt, Gunnar and Bruggeman, Jorn and Merico, Agostino},
doi = {10.1038/srep08918},
file = {::},
journal = {Scientific Reports},
number = {8918},
publisher = {Nature Publishing Group},
title = {{Mechanisms shaping size structure and functional diversity of phytoplankton communities in the ocean}},
url = {www.nature.com/scientificreports},
volume = {5},
year = {2015}
}
